% Encoding: UTF-8

@Article{Olsson1980,
  author    = {Olsson, Ingrid U},
  title     = {{Content of 14C in Marine Mammals from Northern Europe}},
  journal   = {Radiocarbon},
  year      = {1980},
  volume    = {22},
  number    = {3},
  pages     = {662--675},
  note      = {666,36,37,665,35,34,671,667,669,670},
  doi       = {10.1017/S0033822200010031},
  publisher = {Cambridge University Press},
}

@InCollection{MornerFunder1990,
  author    = {Mörner, N.-A. and Funder, S.},
  title     = {{C-14 dating of samples collected during the NORDQUA 86 expedition, and notes on the marine reservoir effect}},
  booktitle = {{Late Quaternary stratigraphy and glaciology in the Thule area, Northwest Greenland}},
  publisher = {Commission for Scientific Investigations in Greenland},
  year      = {1990},
  editor    = {Svend Funder},
  volume    = {22},
  series    = {Meddelelser om Grønland, Geoscience},
  pages     = {57--59},
  note      = {40,39,38},
}

@TechReport{McNeelyEtal2006,
  author      = {R. McNeely and A.S. Dyke and J.R. Southon},
  title       = {{Canadian marine reservoir ages, preliminary data assessment}},
  institution = {Geological Survey of Canada},
  year        = {2006},
  type        = {Open File},
  number      = {5049},
  note        = {988,729,726,986,989,987,990,727,791},
  doi         = {10.4095/221564},
  pages       = {3},
}

@Article{CoulthardEtal2010,
  author    = {Roy D. Coulthard and Mark F.A. Furze and Anna J. Pie\`{n}kowski and Chantel Nixon and John H. England},
  title     = {{New marine $\Delta$R values for Arctic Canada}},
  journal   = {Quaternary Geochronology},
  year      = {2010},
  volume    = {5},
  number    = {4},
  pages     = {419--434},
  note      = {787,788,782,786,728,724.9,789,730,725,11,721,10},
  doi       = {10.1016/j.quageo.2010.03.002},
  publisher = {Elsevier},
}

@Article{DykeEtal2019,
  author    = {Dyke, Arthur S and Savelle, James M and Szpak, Paul and Southon, John R and Howse, Lesley and Desrosiers, Pierre M and Kotar, Kathryn},
  title     = {{An assessment of marine reservoir corrections for radiocarbon dates on walrus from the Foxe Basin region of Arctic Canada}},
  journal   = {Radiocarbon},
  year      = {2019},
  volume    = {61},
  number    = {1},
  pages     = {67--81},
  note      = {2062},
  doi       = {10.1017/RDC.2018.50},
  publisher = {Cambridge University Press},
}

@Article{TauberFunder1975,
  author  = {Tauber, H and Funder, S},
  title   = {{C14 content of recent molluscs from Scoresby Sund, central East Greenland}},
  journal = {Rapport Grønlands Geologiske Undersøgelse},
  year    = {1975},
  volume  = {75},
  pages   = {95--99},
  note    = {30,27,26},
  doi     = {10.34194/rapggu.v75.7460},
}

@Article{Hakansson1973,
  author    = {Håkansson, Sören},
  title     = {{University of Lund Radiocarbon Dates VI}},
  journal   = {Radiocarbon},
  year      = {1973},
  volume    = {15},
  number    = {3},
  pages     = {493--513},
  note      = {23,21,22},
  doi       = {10.1017/S0033822200008961},
  publisher = {Cambridge University Press},
}

@Article{ReimerReimer2001,
  author    = {Reimer, P J and Reimer, R W},
  title     = {A Marine Reservoir Correction Database and On-Line Interface},
  journal   = {Radiocarbon},
  year      = {2001},
  volume    = {43},
  number    = {2A},
  pages     = {461--463},
  doi       = {10.1017/S0033822200038339},
  publisher = {Cambridge University Press},
}

@Comment{jabref-meta: databaseType:bibtex;}
