% Encoding: UTF-8

@Article{SprattLisiecki2016,
  author  = {Spratt, R. M. and Lisiecki, L. E.},
  title   = {{A Late Pleistocene sea level stack}},
  journal = {Climate of the Past},
  year    = {2016},
  volume  = {12},
  number  = {4},
  pages   = {1079--1092},
  doi     = {10.5194/cp-12-1079-2016},
}

@Article{GrantEtal2014,
  author  = {Grant, K. M. and Rohling, E. J. and Ramsey, C. Bronk and Cheng, H. and Edwards, R. L. and Florindo, F. and Heslop, D. and Marra, F. and Roberts, A. P. and Tamisiea, M. E. and Williams, F.},
  title   = {Sea-level variability over five glacial cycles},
  journal = {Nature Communications},
  year    = {2014},
  volume  = {5},
  number  = {1},
  pages   = {5076},
  month   = {Sep},
  issn    = {2041-1723},
  day     = {25},
  doi     = {10.1038/ncomms6076},
}

@Article{WaelbroeckEtal2002,
  author  = {C. Waelbroeck and L. Labeyrie and E. Michel and J. C. Duplessy and J. F. McManus and K. Lambeck and E. Balbon and M. Labracherie},
  title   = {Sea-level and deep water temperature changes derived from benthic foraminifera isotopic records},
  journal = {Quaternary Science Reviews},
  year    = {2002},
  volume  = {21},
  number  = {1},
  pages   = {295--305},
  issn    = {0277-3791},
  note    = {EPILOG},
  doi     = {10.1016/S0277-3791(01)00101-9},
}

@Article{ShakunEtal2015,
  author  = {Jeremy D. Shakun and David W. Lea and Lorraine E. Lisiecki and Maureen E. Raymo},
  title   = {An 800-kyr record of global surface ocean δ18O and implications for ice volume-temperature coupling},
  journal = {Earth and Planetary Science Letters},
  year    = {2015},
  volume  = {426},
  pages   = {58--68},
  issn    = {0012-821X},
  doi     = {10.1016/j.epsl.2015.05.042},
}

@Article{BintanjaEtal2005,
  author  = {Bintanja, Richard and van de Wal, Roderik S.W. and Oerlemans, Johannes},
  title   = {Modelled atmospheric temperatures and global sea levels over the past million years},
  journal = {Nature},
  year    = {2005},
  volume  = {437},
  number  = {7055},
  pages   = {125--128},
  month   = {Sep},
  issn    = {1476-4687},
  day     = {01},
  doi     = {10.1038/nature03975},
}

@Article{ElderfieldEtal2012,
  author  = {H. Elderfield and P. Ferretti and M. Greaves and S. Crowhurst and I. N. McCave and D. Hodell and A. M. Piotrowski},
  title   = {{Evolution of ocean temperature and ice volume through the Mid-Pleistocene climate transition}},
  journal = {Science},
  year    = {2012},
  volume  = {337},
  number  = {6095},
  pages   = {704--709},
  doi     = {10.1126/science.1221294},
}

@Article{RohlingEtal2014,
  author  = {Rohling, E. J. and Foster, G. L. and Grant, K. M. and Marino, G. and Roberts, A. P. and Tamisiea, M. E. and Williams, F.},
  title   = {Sea-level and deep-sea-temperature variability over the past 5.3 million years},
  journal = {Nature},
  year    = {2014},
  volume  = {508},
  number  = {7497},
  pages   = {477--482},
  month   = {Apr},
  issn    = {1476-4687},
  day     = {01},
  doi     = {10.1038/nature13230},
}

@Article{RohlingEtal2022,
  author  = {Rohling, Eelco J. and Foster, Gavin L. and Gernon, Thomas M. and Grant, Katharine M. and Heslop, David and Hibbert, Fiona D. and Roberts, Andrew P. and Yu, Jimin},
  title   = {Comparison and Synthesis of Sea-Level and Deep-Sea Temperature Variations Over the Past 40 Million Years},
  journal = {Reviews of Geophysics},
  year    = {2022},
  volume  = {60},
  number  = {4},
  pages   = {e2022RG000775},
  note    = {e2022RG000775 2022RG000775},
  doi     = {10.1029/2022RG000775},
}

@Article{SosdianRosenthal2009,
  author  = {Sindia Sosdian and Yair Rosenthal},
  title   = {{Deep-sea temperature and ice volume changes across the Pliocene-Pleistocene climate transitions}},
  journal = {Science},
  year    = {2009},
  volume  = {325},
  number  = {5938},
  pages   = {306--310},
  doi     = {10.1126/science.1169938},
}

@Article{MillerEtal2020,
  author  = {Kenneth G. Miller and James V. Browning and W. John Schmelz and Robert E. Kopp and Gregory S. Mountain and James D. Wright},
  title   = {Cenozoic sea-level and cryospheric evolution from deep-sea geochemical and continental margin records},
  journal = {Science Advances},
  year    = {2020},
  volume  = {6},
  number  = {20},
  pages   = {eaaz1346},
  doi     = {10.1126/sciadv.aaz1346},
}

@Article{BatesEtal2014,
  author  = {Stephanie L. Bates and Mark Siddall and Claire Waelbroeck},
  title   = {{Hydrographic variations in deep ocean temperature over the mid-Pleistocene transition}},
  journal = {Quaternary Science Reviews},
  year    = {2014},
  volume  = {88},
  pages   = {147--158},
  issn    = {0277-3791},
  doi     = {10.1016/j.quascirev.2014.01.020},
}

@Article{LisieckiRaymo2005,
  author   = {Lisiecki, Lorraine E. and Raymo, Maureen E.},
  title    = {{A Pliocene-Pleistocene stack of 57 globally distributed benthic δ18O records}},
  journal  = {Paleoceanography},
  year     = {2005},
  volume   = {20},
  number   = {1},
  pages    = {1--17},
  doi      = {10.1029/2004PA001071},
  keywords = {benthic δ18O, Pliocene-Pleistocene, age model},
}

@Article{WesterholdEtal2020,
  author  = {Thomas Westerhold and Norbert Marwan and Anna Joy Drury and Diederik Liebrand and Claudia Agnini and Eleni Anagnostou and James S. K. Barnet and Steven M. Bohaty and David De Vleeschouwer and Fabio Florindo and Thomas Frederichs and David A. Hodell and Ann E. Holbourn and Dick Kroon and Vittoria Lauretano and Kate Littler and Lucas J. Lourens and Mitchell Lyle and Heiko Pälike and Ursula Röhl and Jun Tian and Roy H. Wilkens and Paul A. Wilson and James C. Zachos},
  title   = {{An astronomically dated record of Earth’s climate and its predictability over the last 66 million years}},
  journal = {Science},
  year    = {2020},
  volume  = {369},
  number  = {6509},
  pages   = {1383--1387},
  doi     = {10.1126/science.aba6853},
}

@Article{BereiterEtal2015,
  author  = {Bereiter, Bernhard and Eggleston, Sarah and Schmitt, Jochen and Nehrbass-Ahles, Christoph and Stocker, Thomas F. and Fischer, Hubertus and Kipfstuhl, Sepp and Chappellaz, Jerome},
  title   = {{Revision of the EPICA Dome C CO2 record from 800 to 600 kyr before present}},
  journal = {Geophysical Research Letters},
  year    = {2015},
  volume  = {42},
  number  = {2},
  pages   = {542--549},
  doi     = {https://doi.org/10.1002/2014GL061957},
}

@Article{LaskarEtal2004,
  author  = {Laskar, J. and Robutel, P. and Joutel, F. and Gastineau, M. and Correia, A. C. M. and Levrard, B.},
  title   = {{A long-term numerical solution for the insolation quantities of the Earth }},
  journal = {Astronomy \& Astrophysics},
  year    = {2004},
  volume  = {428},
  number  = {1},
  pages   = {261--285},
  doi     = {10.1051/0004-6361:20041335},
}

@Comment{jabref-meta: databaseType:bibtex;}
